@misc{ bourke,
       author = "Paul Bourke",
       title = "Points, lines, and planes",
       year = "October 1988",
       howpublished = "\url{http://paulbourke.net/geometry/pointlineplane/}"}

@misc{ NearestNeighbors,
    author = "Kristoffer Carlsson",
    title = "\texttt{NearestNeighbors.jl}",
    year = "November 2015",
    howpublished = "\url{https://github.com/KristofferC/NearestNeighbors.jl}"}

@misc{ Hopcroft-Tarjan,
    author = "John Hopcroft and Robert Tarjan",
    title = "Efficient Algorithms for Graph Manipulation",
    year = "June 1973",
    howpublished = "\url{doi.acm.org/10.1145/362248.362272}"}